<record><leader>00000cas a22000007a 4500</leader><controlfield tag="001">15538820</controlfield><controlfield tag="008">870416d19061933inudn ne      0    0eng d</controlfield><datafield ind1=" " ind2=" " tag="010"><subfield code="a">sn 87055753 </subfield></datafield><datafield ind1=" " ind2=" " tag="040"><subfield code="a">NPI</subfield><subfield code="b">eng</subfield><subfield code="c">NPI</subfield><subfield code="d">OCLCQ</subfield></datafield><datafield ind1=" " ind2=" " tag="042"><subfield code="a">msc</subfield></datafield><datafield ind1="0" ind2="4" tag="245"><subfield code="a">The Gary evening times.</subfield></datafield><datafield ind1=" " ind2=" " tag="260"><subfield code="a">Gary, Ind. :</subfield><subfield code="b">Lake County Print. &amp; Pub. Co.,</subfield><subfield code="c">-1933.</subfield></datafield><datafield ind1=" " ind2=" " tag="310"><subfield code="a">Daily (except Sun.)</subfield></datafield><datafield ind1="1" ind2=" " tag="362"><subfield code="a">Began in June 1906.</subfield></datafield><datafield ind1="0" ind2=" " tag="362"><subfield code="a">-v. 24, no. 230 (Aug. 26, 1933).</subfield></datafield><datafield ind1=" " ind2=" " tag="500"><subfield code="a">Contents almost identical to: The Lake County times, Times (East Chicago, Ind.), &lt;Feb. 15, 1926&gt;-1933, The Calumet City times, &lt;Mar. 15, 1928&gt;-1933, and: The Whiting evening times, Apr. 2, 1928-1933.</subfield></datafield><datafield ind1=" " ind2=" " tag="588"><subfield code="a">Description based on: Vol. 6, no. 4 (June 22, 1911).</subfield></datafield><datafield ind1=" " ind2=" " tag="752"><subfield code="a">United States</subfield><subfield code="b">Indiana</subfield><subfield code="c">Lake</subfield><subfield code="d">Gary.</subfield></datafield><datafield ind1="1" ind2=" " tag="775"><subfield code="t">Lake County times</subfield><subfield code="w">(DLC)sn 86058242</subfield><subfield code="w">(OCoLC)15306883</subfield></datafield><datafield ind1="1" ind2=" " tag="775"><subfield code="t">Times (East Chicago, Ind.)</subfield><subfield code="w">(DLC)sn 87055752</subfield></datafield><datafield ind1="1" ind2=" " tag="775"><subfield code="t">Calumet City times</subfield><subfield code="w">(DLC)sn 87055754</subfield></datafield><datafield ind1="1" ind2=" " tag="775"><subfield code="t">Whiting evening times</subfield><subfield code="w">(DLC)sn 87055755</subfield></datafield></record>